@Article{ref_Athanasios,
author={Athanasios, Tsanas AND Angeliki, Xifara},
journal={Energy and Buildings},
title={Accurate quantitative estimation of energy performance of residential buildings using statistical machine learning tools},
year={2012},
pages={Vol. 49, pp. 560-567},
notes={}
}

@Article{ref_negawatt,
author={Claude Crampes AND Thomas Olivier Léautier},
journal={Les Echos},
title={Pour une régulation intelligente de la demande d’électricité},
year={2010},
pages={},
notes={http://idei.fr/sites/default/files/medias/doc/by/crampes/les_echos_1009.pdf}
}

@misc{ref_UCI,
author={A. Tsanas, A. Xifara},
title={Energy efficiency Data Set},
year={2012},
month={},
note={https://archive.ics.uci.edu/ml/datasets/Energy+efficiency},
}

@misc{ref_europ_energ,
author={Journal officiel des Communautés européennes},
title={Directive 2002/91/CE du parlement européen et du conseil sur la performance énergétique des btiments},
year={2002},
month={décembre},
note={http://eur-lex.europa.eu/legal-content/FR/TXT/PDF/}
}

@misc{ref_class_energ,
author={Ministère de l'environnement, de l'énergie et de la mer},
title={Diagnostic de Performance énergétique},
year={2013},
month={avril},
note={http://www.developpement-durable.gouv.fr/-Diagnostic-de-Performance,855-.html}
}
